


@inproceedings{Sphinx, 
  oldname = {DBLP:conf/sp/DanezisG09},
  author    = {George Danezis and
               Ian Goldberg},
  title     = {Sphinx: {A} Compact and Provably Secure Mix Format},
  booktitle = {30th {IEEE} Symposium on Security and Privacy (S{\&}P 2009), 17-20
               May 2009, Oakland, California, {USA}},
  pages     = {269--282},
  year      = {2009},
  url       = {https://eprint.iacr.org/2008/475},
  crossref  = {DBLP:conf/sp/2009},
  doi_url   = {http://dx.doi.org/10.1109/SP.2009.15},
  doi       = {10.1109/SP.2009.15},
  timestamp = {Thu, 08 Jan 2015 16:59:45 +0100},
  biburl    = {http://dblp.uni-trier.de/rec/bib/conf/sp/DanezisG09},
  bibsource = {dblp computer science bibliography, http://dblp.org}
}

@proceedings{DBLP:conf/sp/2009,
  title     = {30th {IEEE} Symposium on Security and Privacy (S{\&}P 2009), 17-20
               May 2009, Oakland, California, {USA}},
  publisher = {{IEEE} Computer Society},
  year      = {2009},
  url       = {http://ieeexplore.ieee.org/xpl/mostRecentIssue.jsp?punumber=5207631},
  isbn      = {978-0-7695-3633-0},
  timestamp = {Thu, 08 Jan 2015 16:59:42 +0100},
  biburl    = {http://dblp.uni-trier.de/rec/bib/conf/sp/2009},
  bibsource = {dblp computer science bibliography, http://dblp.org}
}

@inproceedings{SphinxTor,
  oldname = {DBLP:conf/fc/KateG10 },
  author    = {Aniket Kate and
               Ian Goldberg},
  title     = {Using Sphinx to Improve Onion Routing Circuit Construction},
  booktitle = {Financial Cryptography and Data Security, 14th International Conference,
               {FC} 2010, Tenerife, Canary Islands, January 25-28, 2010, Revised
               Selected Papers},
  pages     = {359--366},
  year      = {2010},
  crossref  = {DBLP:conf/fc/2010},
  url       = {https://eprint.iacr.org/2009/628},
  doi_url   = {http://dx.doi.org/10.1007/978-3-642-14577-3_30},
  doi       = {10.1007/978-3-642-14577-3_30},
  timestamp = {Wed, 18 Aug 2010 13:39:50 +0200},
  biburl    = {http://dblp.uni-trier.de/rec/bib/conf/fc/KateG10},
  bibsource = {dblp computer science bibliography, http://dblp.org}
}

@proceedings{DBLP:conf/fc/2010,
  editor    = {Radu Sion},
  title     = {Financial Cryptography and Data Security, 14th International Conference,
               {FC} 2010, Tenerife, Canary Islands, January 25-28, 2010, Revised
               Selected Papers},
  series    = {Lecture Notes in Computer Science},
  volume    = {6052},
  publisher = {Springer},
  year      = {2010},
  url       = {http://dx.doi.org/10.1007/978-3-642-14577-3},
  doi       = {10.1007/978-3-642-14577-3},
  isbn      = {978-3-642-14576-6},
  timestamp = {Wed, 18 Aug 2010 13:39:50 +0200},
  biburl    = {http://dblp.uni-trier.de/rec/bib/conf/fc/2010},
  bibsource = {dblp computer science bibliography, http://dblp.org}
}



@article{Babai-GI,
  oldname = {DBLP:journals/corr/Babai15},
  author    = {L{\'{a}}szl{\'{o}} Babai},
  title     = {Graph Isomorphism in Quasipolynomial Time},
  journal   = {CoRR},
  volume    = {abs/1512.03547},
  year      = {2015},
  url       = {http://arxiv.org/abs/1512.03547},
  timestamp = {Sat, 02 Jan 2016 11:38:49 +0100},
  biburl    = {http://dblp.uni-trier.de/rec/bib/journals/corr/Babai15},
  bibsource = {dblp computer science bibliography, http://dblp.org}
}



