
@misc{TextSecure,
  oldname = {cryptoeprint:2014:904},
  author = {Tilman Frosch and Christian Mainka and Christoph Bader and Florian Bergsma and Joerg Schwenk and Thorsten Holz},
  title = {How Secure is TextSecure?},
  howpublished = {Cryptology ePrint Archive, Report 2014/904},
  year = {2014},
  note = {\url{http://eprint.iacr.org/2014/904}},
  url = {http://eprint.iacr.org/2014/904},
}

@InProceedings{gns,
  author =       {Matthias Wachs and Martin Schanzenbach and Christian Grothoff},
  title =        {A Censorship-Resistant, Privacy-Enhancing and Fully Decentralized Name System},
  booktitle = { 13th International Conference on Cryptology and Network Security (CANS 2014)},
  year =      {2014},
  pages = {127--142},
}


@Article{skynet,
  author =       {Christian Grothoff and Jens M. Porup},
  title =        {The NSAâ€™s SKYNET program may be killing thousands of innocent people},
  journal =      {ARS Technica},
  year =         {2016},
}


@inproceedings{libforwardsec,
  title     = {Forward Secure Asynchronous Messaging from Puncturable Encryption},
  author    = {Matthew Green and Ian Miers},
  booktitle = {2015 IEEE Symposium on Security and Privacy},
  pages     = {305-320},
  month     = {May},
  year      = {2015},
  issn      = {1081-6011},
  doi       = {10.1109/SP.2015.26},
  url       = {http://cs.jhu.edu/~imiers/pdfs/forwardsec.pdf},
  git       = {https://github.com/imichaelmiers/libforwardsec},
}


@inproceedings{OtR,
  author    = {Nikita Borisov and
               Ian Goldberg and
               Eric A. Brewer},
  title     = {Off-the-record communication, or, why not to use {PGP}},
  booktitle = {Proceedings of the 2004 {ACM} Workshop on Privacy in the Electronic
               Society, {WPES} 2004, Washington, DC, USA, October 28, 2004},
  pages     = {77--84},
  year      = {2004},
  hide_crossref  = {DBLP:conf/wpes/2004},
  url       = {https://otr.cypherpunks.ca/otr-wpes.pdf},
  doi_url   = {http://doi.acm.org/10.1145/1029179.1029200},
  doi       = {10.1145/1029179.1029200},
  timestamp = {Wed, 15 Feb 2006 10:03:52 +0100},
  biburl    = {http://dblp.uni-trier.de/rec/bib/conf/wpes/BorisovGB04},
  bibsource = {dblp computer science bibliography, http://dblp.org}
}

@proceedings{DBLP:conf/wpes/2004,
  editor    = {Vijay Atluri and
               Paul F. Syverson and
               Sabrina De Capitani di Vimercati},
  title     = {Proceedings of the 2004 {ACM} Workshop on Privacy in the Electronic
               Society, {WPES} 2004, Washington, DC, USA, October 28, 2004},
  publisher = {{ACM}},
  year      = {2004},
  isbn      = {1-58113-968-3},
  timestamp = {Wed, 16 Feb 2005 14:48:25 +0100},
  biburl    = {http://dblp.uni-trier.de/rec/bib/conf/wpes/2004},
  bibsource = {dblp computer science bibliography, http://dblp.org}
}


@misc{warner-delivery,
  author    = {Brian Warner},
  title     = {Petmail mailbox-server delivery protocol},
  howpublished = {\url{http://www.lothar.com/blog/53-petmail-delivery/}},
  lastchecked = {17.03.2017},
  originalyear = {25.07.2015},
  note = {Accessed: 2016}
  url = {http://www.lothar.com/blog/53-petmail-delivery/},
}


@misc{agl-pond-hmac,
  author    = {Adam Langley},
  title     = {Replacing group signatures with HMAC in Pond},
  howpublished = {messaging@moderncrypto.org mailing list \url{http://moderncrypto.org/mail-archive/messaging/2014/000409.html}},
  lastchecked = {17.03.2017},
  originalyear = {26.06.2014},
  url = {http://moderncrypto.org/mail-archive/messaging/2014/000409.html},
}
