
@inproceedings {Dissent,
  author    = {David Isaac Wolinsky and Henry Corrigan-Gibbs and Bryan Ford and Aaron Johnson},
  title     = {Dissent in Numbers: Making Strong Anonymity Scale},
  booktitle = {Presented as part of the 10th USENIX Symposium on Operating Systems Design and Implementation (OSDI 12)},
  year      = {2012},
  isbn      = {978-1-931971-96-6},
  address   = {Hollywood, CA},
  pages     = {179--182},
  url       = {https://www.usenix.org/conference/osdi12/technical-sessions/presentation/wolinsky},
  publisher = {USENIX},
}

@inproceedings {Alpenhorn,
  author    = {David Lazar and Nickolai Zeldovich},
  title     = {Alpenhorn: Bootstrapping Secure Communication without Leaking Metadata},
  booktitle = {12th USENIX Symposium on Operating Systems Design and Implementation (OSDI 16)},
  year      = {2016},
  isbn      = {978-1-931971-33-1},
  address   = {GA},
  pages     = {571--586},
  url       = {https://www.usenix.org/conference/osdi16/technical-sessions/presentation/lazar},
  publisher = {USENIX Association},
}
