
@inproceedings{timing-fc2004,
  title = {Timing Attacks in Low-Latency Mix-Based Systems}, 
  author = {Brian N. Levine and Michael K. Reiter and Chenxi Wang and Matthew K. Wright}, 
  booktitle = {Proceedings of Financial Cryptography (FC '04)}, 
  year = {2004}, 
  month = {February}, 
  pages = {251--265}, 
  editor = {Ari Juels}, 
  publisher = {Springer-Verlag, LNCS 3110}, 
  www_tags = {selected}, 
  www_section = {Traffic analysis}, 
  www_pdf_url = {http://www.cs.umass.edu/~mwright/papers/levine-timing.pdf}, 
}


@inproceedings{SS03,
  title = {Passive Attack Analysis for Connection-Based Anonymity Systems}, 
  author = {Andrei Serjantov and Peter Sewell}, 
  booktitle = {Proceedings of ESORICS 2003}, 
  year = {2003}, 
  month = {October}, 
  www_tags = {selected}, 
  www_remarks = {An investigation of packet counting attacks (which work best on lightly
        loaded networks) and connection-start timing attacks.}, 
  www_ps_url = {http://www.cl.cam.ac.uk/users/aas23/papers_aas/conn_sys.ps}, 
  www_section = {Traffic analysis}, 
}


