

@article{NewHope, 
  oldname = {DBLP:journals/iacr/AlkimDPS15},
  author    = {Erdem Alkim and
               L{\'{e}}o Ducas and
               Thomas P{\"{o}}ppelmann and
               Peter Schwabe},
  title     = {Post-quantum key exchange - a new hope},
  journal   = {{IACR} Cryptology ePrint Archive},
  volume    = {2015},
  pages     = {1092},
  year      = {2015},
  url       = {http://eprint.iacr.org/2015/1092},
  timestamp = {Mon, 07 Dec 2015 15:52:22 +0100},
  biburl    = {http://dblp.uni-trier.de/rec/bib/journals/iacr/AlkimDPS15},
  bibsource = {dblp computer science bibliography, http://dblp.org}
}


@article{963628,
  author    = {Kunwar Singh and C. Pandu Rangan and A. K. Banerjee},
  title     = {Lattice Based Mix Network for Location Privacy in Mobile System},
  journal   = {Mobile Information Systems},
  volume    = {2015},
  year      = {2015},
  note      = {Article ID 963628},
  doi = {http://dx.doi.org/10.1155/2015/963628},
  url = {http://www.hindawi.com/journals/misy/2015/963628/},
}


