
@techreport{UC-Canetti,
    author = {Ran Canetti},
    title = {Universally composable security: A new paradigm for cryptographic protocols },
    institution = {},
    year = {2013},
    url = {http://eprint.iacr.org/2000/067},
    old_howpublished = {Cryptology ePrint Archive, Report 2000/067},
    old_year = {2000},
    old_note = {\url{http://eprint.iacr.org/2000/067}},
}



