
@misc{McBits,
  oldname = {cryptoeprint:2015:610},
  author = {Daniel J. Bernstein and Tung Chou and Peter Schwabe},
  title = {McBits: fast constant-time code-based cryptography},
  howpublished = {Cryptology ePrint Archive, Report 2015/610},
  year = {2015},
  url = {http://eprint.iacr.org/2015/610},
}


@misc{PQ-InitRec,
  author = {Daniel Augot  and  Lejla Batina  and Daniel J. Bernstein
       and  Joppe Bos  and  Johannes Buchmann  and  Wouter Castryck
       and  Orr Dunkelman  and  Tim G{\"{u}}neysu  and  Shay Gueron
       and  Andreas H{\"{u}}lsing  and  Tanja Lange
       and  Mohamed Saied Emam Mohamed  and  Christian Rechberger
       and  Peter Schwabe  and  Nicolas Sendrier
       and  Frederik Vercauteren  and  Bo-Yin Yang},
  title = {Initial recommendations of long-term secure post-quantum systems},
  howpublished = {PQCRYPTO: Post-Quantum Cryptography for Long-Term Security. Technische Universiteit Eindhoven},
  month = {September},
  year = {2015},
  note = {https://pqcrypto.eu.org/docs/initial-recommendations.pdf},
  url = {https://pqcrypto.eu.org/docs/initial-recommendations.pdf},
}


963628


