


@inproceedings{SIDH-FeoJaoPlut-conf,
  oldname = {DBLP:conf/pqcrypto/JaoF11},
  author    = {David Jao and
               Luca De Feo},
  title     = {Towards Quantum-Resistant Cryptosystems from Supersingular Elliptic
               Curve Isogenies},
  booktitle = {Post-Quantum Cryptography - 4th International Workshop, PQCrypto 2011,
               Taipei, Taiwan, November 29 - December 2, 2011. Proceedings},
  pages     = {19--34},
  year      = {2011},
  crossref  = {DBLP:conf/pqcrypto/2011},
  doi_url   = {http://dx.doi.org/10.1007/978-3-642-25405-5_2},
  doi       = {10.1007/978-3-642-25405-5_2},
  timestamp = {Tue, 06 Dec 2011 17:44:11 +0100},
  biburl    = {http://dblp.uni-trier.de/rec/bib/conf/pqcrypto/JaoF11},
  bibsource = {dblp computer science bibliography, http://dblp.org}
}

@proceedings{DBLP:conf/pqcrypto/2011,
  editor    = {Bo{-}Yin Yang},
  title     = {Post-Quantum Cryptography - 4th International Workshop, PQCrypto 2011,
               Taipei, Taiwan, November 29 - December 2, 2011. Proceedings},
  series    = {Lecture Notes in Computer Science},
  volume    = {7071},
  publisher = {Springer},
  year      = {2011},
  url       = {http://dx.doi.org/10.1007/978-3-642-25405-5},
  doi       = {10.1007/978-3-642-25405-5},
  isbn      = {978-3-642-25404-8},
  timestamp = {Tue, 06 Dec 2011 17:43:12 +0100},
  biburl    = {http://dblp.uni-trier.de/rec/bib/conf/pqcrypto/2011},
  bibsource = {dblp computer science bibliography, http://dblp.org}
}



@article{SIDH-FeoJaoPlut,
  oldname = {DBLP:journals/jmc/FeoJP14},
  author    = {Luca De Feo and
               David Jao and
               J{\'{e}}r{\^{o}}me Pl{\^{u}}t},
  title     = {Towards quantum-resistant cryptosystems from supersingular elliptic
               curve isogenies},
  journal   = {J. Mathematical Cryptology},
  volume    = {8},
  number    = {3},
  pages     = {209--247},
  year      = {2014},
  url       = {http://eprint.iacr.org/2011/506},
  doi_url   = {http://dx.doi.org/10.1515/jmc-2012-0015},
  doi       = {10.1515/jmc-2012-0015},
  timestamp = {Thu, 04 Sep 2014 13:50:06 +0200},
  biburl    = {http://dblp.uni-trier.de/rec/bib/journals/jmc/FeoJP14},
  bibsource = {dblp computer science bibliography, http://dblp.org}
}


@misc{SIDH-2016,
  oldname = {cryptoeprint:2016:413},
  author = {Craig Costello and Patrick Longa and Michael Naehrig},
  title = {Efficient algorithms for supersingular isogeny Diffie-Hellman},
  howpublished = {Cryptology ePrint Archive, Report 2016/413},
  year = {2016},
  url = {http://eprint.iacr.org/2016/413},
}





