

@InProceedings{DJB-Curve25519,
  author = {Daniel J. Bernstein},
  title = {Curve25519: new Diffie-Hellman speed records},
  booktitle = {In Public Key Cryptography (PKC), Springer-Verlag LNCS 3958},
  year = {2006},
  pages = {207--228},
  publisher = {Springer-Verlag Berlin Heidelberg},
  isbn = {978-3-540-33852-9},
  doi = {10.1007/11745853_14},
  doi_url = {http://dx.doi.org/10.1007/11745853_14},
  url = {http://www.iacr.org/cryptodb/archive/2006/PKC/3351/3351.pdf},
  url_own = {https://cr.yp.to/ecdh/curve25519-20051115.pdf},
}


@misc{Ed448-Goldilocks,
  oldname = {cryptoeprint:2015:625},
  author = {Mike Hamburg},
  title = {Ed448-Goldilocks, a new elliptic curve},
  howpublished = {Cryptology ePrint Archive, Report 2015/625},
  year = {2015},
  note = {\url{https://eprint.iacr.org/2015/625}},
  url = {https://eprint.iacr.org/2015/625},
}



