

@InProceedings{BF-IBE,
  author = {Dan Boneh and Matthew Franklin},
  title = {Identity-Based Encryption from the Weil Pairing},
  booktitle = {Advances in Cryptology --- CRYPTO 2001},
  year = {2001},
  pages = {213--229},
  publisher = {Springer-Verlag Berlin Heidelberg},
  doi = {10.1007/3-540-44647-8_13},
  doi_url= {http://dx.doi.org/10.1007/3-540-44647-8_13"},
  url = {https://www.iacr.org/archive/crypto2001/21390212.pdf},
  oldurl = {http://eprint.iacr.org/2001/090},
}


@InProceedings{BoyenMIBS,
  author = {Xavier Boyen},
  title = {Multipurpose Identity-Based Signcryption -- A {S}wiss {A}rmy Knife for Identity-Based Cryptography},
  editor = {Dan Boneh},
  booktitle = {Advances in Cryptology---CRYPTO 2003},
  series = {Lecture Notes in Computer Science},
  volume = {2729},
  pages = {383--399},
  publisher = {Springer-Verlag Berlin Heidelberg},
  year = {2003},
  note = {Available at \url{http://www.cs.stanford.edu/~xb/crypto03/}},
  url = {http://www.cs.stanford.edu/~xb/crypto03/},
  oldurl = {http://eprint.iacr.org/2003/163},
}


@misc{AnonIBE,
  author = {Xavier Boyen and Brent Waters},
  title = {Anonymous Hierarchical Identity-Based Encryption (Without Random Oracles)},
  howpublished = {Cryptology ePrint Archive, Report 2006/085},
  year = {2006},
  note = {\url{http://eprint.iacr.org/2006/085}},
  oldurl = {https://eprint.iacr.org/2006/085},
  url = {https://www.iacr.org/archive/crypto2006/41170287/41170287.pdf},
  author_url = {http://robotics.stanford.edu/~xb/crypto06a/anonymoushibe.pdf},
}


@misc{cryptoeprint:2011:021,
  author = {Jae Hong Seo and Jung Hee Cheon},
  title = {Fully Secure Anonymous Hierarchical Identity-Based  Encryption with Constant Size Ciphertexts},
  howpublished = {Cryptology ePrint Archive, Report 2011/021},
  year = {2011},
  note = {\url{https://eprint.iacr.org/2011/021}},
  url = {https://eprint.iacr.org/2011/021},
}



