
@misc{TextSecure,
  oldname = {cryptoeprint:2014:904},
  author = {Tilman Frosch and Christian Mainka and Christoph Bader and Florian Bergsma and Joerg Schwenk and Thorsten Holz},
  title = {How Secure is TextSecure?},
  howpublished = {Cryptology ePrint Archive, Report 2014/904},
  year = {2014},
  note = {\url{http://eprint.iacr.org/2014/904}},
  url = {http://eprint.iacr.org/2014/904},
}

@InProceedings{gns,
  author =       {Matthias Wachs and Martin Schanzenbach and Christian Grothoff},
  title =        {A Censorship-Resistant, Privacy-Enhancing and Fully Decentralized Name System},
  booktitle = { 13th International Conference on Cryptology and Network Security (CANS 2014)},
  year =      {2014},
  pages = {127--142},
}


@Article{skynet,
  author =       {Christian Grothoff and Jens M. Porup},
  title =        {The NSAâ€™s SKYNET program may be killing thousands of innocent people},
  journal =      {ARS Technica},
  year =         {2016},
}
