

@InProceedings{BLS-SigWeilPairing,
  author = {Boneh, Dan and Lynn, Ben and Shacham, Hovav},
  title = {Short Signatures from the Weil Pairing},
  booktitle = {Proceedings of the 7th International Conference on the Theory and Application of Cryptology and Information Security: Advances in Cryptology},
  series = {ASIACRYPT '01},
  year = {2001},
  isbn = {3-540-42987-5},
  pages = {514--532},
  numpages = {19},
  acmid = {717005},
  publisher = {Springer-Verlag},
  address = {London, UK, UK},
  doi = {10.1007/3-540-45682-1_30},
  doi_url = {http://dx.doi.org/10.1007/3-540-45682-1_30},
  old_url = {http://dl.acm.org/citation.cfm?id=647097.717005},
  url = {https://cseweb.ucsd.edu/~hovav/dist/sigs.pdf},
}


@InProceedings{Boldyreva03,
  author = {Alexandra Boldyreva},
  title = {Efficient threshold signature, multisignature and blind signature schemes based on the gap-diffie-hellman-group signature scheme},
  booktitle = {Proceedings of PKC 2003, volume 2567 of LNCS},
  year = {2003},
  pages = {31--46},
  publisher = {Springer-Verlag},
  url = {http://eprint.iacr.org/2002/118},
}




